@inproceedings{osada-csma-2001,
	author = {Osada, Robert and Funkhouser, Thomas and Chazelle, Bernard and Dobkin, David},
	title = {Matching {3D} models with shape distributions},
	crossref = {csma-2001},
}

@inproceedings{podolak-esgp-2005,
	author = {Joshua Podolak and Szymon Rusinkiewicz},
	title = {Atomic Volumes for Mesh Completion},
	booktitle = {Symposium on Geometry Processing},
	year = {2005}
}
 
@article{ju-cst-2009,
	title={Fixing geometric errors on polygonal models: a survey},
	author={Ju, Tao},
	journal={Journal of Computer Science and Technology},
	year={2009}
}

@inproceedings{schnabel-eurographics-2009,
	title = {Completion and reconstruction with primitive shapes},
	author = {Schnabel, Ruwen and Degener, Patrick and Klein, Reinhard},
	booktitle = {Computer Graphics Forum},
	year = {2009}
}

@inproceedings{hedau-cvpr-2012,
	title = {Recovering Free Space of Indoor Scenes from a Single Image},
	author = {Varsha Hedau and Derek Hoiem and David Forsyth},
	crossref = {cvpr-2012}
}

@article{shen-tog-2012,
	title = {Structure Recovery by Part Assembly},
	author = {Chao-Hui Shen and Hongbo Fu and Kang Chen and Shi-Min Hu},
	crossref = {siggraphasia-2012}
}

@inproceedings{thrun-iccv-2005,
	AUTHOR = {Sebastian Thrun and Ben Wegbreit},
	TITLE = {Shape From Symmetry},
	crossref = {iccv-2005}
}

@article{law-cviu-2010,
	author = {Alvin J. Law and Daniel G. Aliaga},
	title = {Single viewpoint model completion of symmetric objects for digital inspection},
	crossref = {cviu-2011}
}

@inproceedings{choi-cvpr-2013,
	title = {Understanding Indoor Scenes using {3D} Geometric Phrases},
	author = {Wongun Choi and Yu-Wei Chao and Caroline Pantofaru and Silvio Savarese},
	crossref = {cvpr-2013}
}

@inproceedings{lee-nips-2010,
	title = {Estimating Spatial Layout of Rooms using Volumetric Reasoning about Objects and Surfaces},
	author = {David C. Lee and Abhinav Gupta and Martial Hebert and Takeo Kanade},
	crossref = {nips-2010}
}

@inproceedings{zhang-iccv-2013,
	author = {Jian Zhang and Chen Kan and Alexander G. Schwing and Raquel Urtasun},
	title = {Estimating the {3D} Layout of Indoor Scenes and its Clutter from Depth Sensors},
	crossref = {iccv-2013}
}

@inproceedings{gupta-cvpr-2011,
	author = {Abhinav Gupta and Scott Satkin and Alexei A. Efros and Martial Hebert},
	title = {From {3D} Scene Geometry to Human Workspace},
	crossref = {cvpr-2011}
}

@inproceedings{bao-wacv-2014,
	title = {Understanding the {3D} Layout of a Cluttered Room From Multiple Images},
	author = {Sid Yingze Bao and Axel Furlan and Li Fei-Fei and Silvio Savarese},
	crossref = {wacv-2014}
}

@inproceedings{kim-eccv-2012,
	author = {Jaechul Kim and Kristen Grauman},
	title = {Shape Sharing for Object Segmentation},
	crossref = {eccv-2012}
}

@inproceedings{kim-iccv-2013,
	title = {{3D} Scene Understanding by Voxel-{CRF}},
	author = {Kim, Byung-soo and Pushmeet Kohli and Silvio Savarese},
	crossref = {iccv-2013}
}

@inproceedings{macaodha-eccv-2012,
	title = {Patch Based Synthesis for Single Depth Image Super-Resolution},
	author = {Mac Aodha, Oisin and Campbell, Neill D.F. and  Nair, Arun and Brostow, Gabriel J.},
 	crossref = {eccv-2012}
}


@article{nan-acm-2012,
	author = {Liangliang Nan and Ke Xie and Andrei Sharf},
	title = {A Search-Classify Approach for Cluttered Indoor Scene Understanding},
	crossref = {siggraphasia-2012}
}

@article{minkim-siggraphasia-2012,
	author = {Young Min Kim and Niloy J. Mitra and Dong-Ming Yan and Leonidas Guibas},
	title = {ACQUIRING 3{D} INDOOR ENVIRONMENTS WITH VARIABILITY AND REPETITION},
	crossref = {siggraphasia-2012}
}