@string{rss = "Robotics Science and Systems (RSS)" }
@string{icra = "International Conference on Robotics and Automation (ICRA)"}
@string{iccv = "International Conference on Computer Vision (ICCV)"}
@string{cvpr = "Computer Vision and Pattern Recognition (CVPR)"}
@string{eccv = "European Conference on Computer Vision (ECCV)"}
@string{bmvc = "British Machine Vision Conference (BMVC)"}
@string{ias = "Intelligent Autonomous Systems (IAS)"}
@string{iros = "Intelligent Robots and Systems (IROS)"}
@string{nips = "Neural Information Processing (NIPS)"}
@string{pami = "Pattern Analysis and Machine Intelligence (PAMI)"}
@string{ijcv = "International Journal of Computer Vision"}
@string{aag = "Advances in Architectural Geometry (AAG)"}
@string{siggraph = "ACM Transactions on Graphics"}
@string{siggraphasia = "ACM Transactions on Graphics"}
@string{ml = "Machine Learning"}
@string{rnews = "R News"}
@string{cp = "Cognitive Processing"}
@string{cgf = "Computer Graphics Forum"}
@string{acm = "Communications of the ACM"}
@string{asa = "Journal of the American Statistical Association"}
@string{jfr = "Journal of Field Robotics"}
@string{cp = "Cognitive Processing"}
@string{jmlr = "Journal of Machine Learning Research"}
@string{kddm = "ACM SIGKDD International Conference on Knowledge Discovery and Data Mining"}
@string{csma = "Shape Modeling International"}
@string{icml = "International Conference on Machine Learning (ICML)"}
@string{crv = "Conference on Computer and Robot Vision (CRV)"}
@string{accv = "Asian Conference on Computer Vision (ACCV)"}
@string{dagm-oagm = "German Association for Pattern Recognition and Austrian Association for Pattern Recognition Joint Pattern Recognition Symposium"}
@string{cvww = "Computer Vision Winter Workshop"}
@string{wacv = "Winter Conference on Applications of Computer Vision (WACV)"}