@proceedings{kddm-2012, booktitle = kddm,   year = {2012}}
@proceedings{ias-2004,	booktitle = ias, 	year = {2004}}
@proceedings{bmvc-2008,	booktitle = bmvc, 	year = {2008}}
@proceedings{bmvc-2009,	booktitle = bmvc, 	year = {2009}}
@proceedings{bmvc-2012,	booktitle = bmvc, 	year = {2012}}
@proceedings{eccv-2004,	booktitle = eccv, 	year = {2004}}
@proceedings{eccv-2008,	booktitle = eccv, 	year = {2008}}
@proceedings{eccv-2010,	booktitle = eccv, 	year = {2010}}
@proceedings{eccv-2012,	booktitle = eccv, 	year = {2012}}
@proceedings{eccv-2014,	booktitle = eccv, 	year = {2014}}
@proceedings{cvpr-2000,	booktitle = cvpr,	year = {2000}}
@proceedings{cvpr-2003,	booktitle = cvpr,	year = {2003}}
@proceedings{cvpr-2005,	booktitle = cvpr,	year = {2005}}
@proceedings{cvpr-2006,	booktitle = cvpr,	year = {2006}}
@proceedings{cvpr-2007,	booktitle = cvpr,	year = {2007}}
@proceedings{cvpr-2008,	booktitle = cvpr,	year = {2008}}
@proceedings{cvpr-2009,	booktitle = cvpr,	year = {2009}}
@proceedings{cvpr-2010,	booktitle = cvpr,	year = {2010}}
@proceedings{cvpr-2011,	booktitle = cvpr,	year = {2011}}
@proceedings{cvpr-2012,	booktitle = cvpr,	year = {2012}}
@proceedings{cvpr-2013,	booktitle = cvpr,	year = {2013}}
@proceedings{cvpr-2014,	booktitle = cvpr,	year = {2014}}
@proceedings{rss-2005,	booktitle = rss,	year = {2005}}
@proceedings{rss-2009,	booktitle = rss,	year = {2009}}
@proceedings{rss-2010,	booktitle = rss,	year = {2010}}
@proceedings{rss-2011,	booktitle = rss,	year = {2011}}
@proceedings{icra-1987,	booktitle = icra,	year = {1987}}
@proceedings{icra-1994,	booktitle = icra,	year = {1994}}
@proceedings{icra-1999,	booktitle = icra,	year = {1999}}
@proceedings{icra-2006,	booktitle = icra,	year = {2006}}
@proceedings{icra-2007,	booktitle = icra,	year = {2007}}
@proceedings{icra-2009,	booktitle = icra,	year = {2009}}
@proceedings{icra-2010,	booktitle = icra,	year = {2010}}
@proceedings{icra-2011,	booktitle = icra,	year = {2011}}
@proceedings{icra-2012,	booktitle = icra,	year = {2012}}
@proceedings{icra-2013,	booktitle = icra,	year = {2013}}
@proceedings{iros-2008,	booktitle = iros,	year = {2008}}
@proceedings{iros-2010,	booktitle = iros,	year = {2010}}
@proceedings{iros-2011,	booktitle = iros,	year = {2011}}
@proceedings{iros-2013,	booktitle = iros,	year = {2013}}
@proceedings{iccv-2003,	booktitle = iccv,	year = {2003}}
@proceedings{iccv-2005,	booktitle = iccv,	year = {2005}}
@proceedings{iccv-2007,	booktitle = iccv,	year = {2007}}
@proceedings{iccv-2009,	booktitle = iccv,	year = {2009}}
@proceedings{iccv-2011,	booktitle = iccv,	year = {2011}}
@proceedings{iccv-2013,	booktitle = iccv,	year = {2013}}
@proceedings{nips-2001,	booktitle = nips,	year = {2001}}
@proceedings{nips-2002,	booktitle = nips,	year = {2002}}
@proceedings{nips-2003,	booktitle = nips,	year = {2003}}
@proceedings{nips-2006,	booktitle = nips,	year = {2006}}
@proceedings{nips-2007,	booktitle = nips,	year = {2007}}
@proceedings{nips-2010,	booktitle = nips,	year = {2010}}
@proceedings{nips-2011,	booktitle = nips,	year = {2011}}
@proceedings{aag-2008, 	booktitle = aag,	year = {2008}}
@proceedings{csma-2001, 	booktitle = csma,	year = {2001}}
@proceedings{icml-2000, 	booktitle = icml, 	year = {2000}}
@proceedings{icml-2005, 	booktitle = icml, 	year = {2005}}
@proceedings{crv-2012, 	booktitle = crv, 	year = {2012}}
@proceedings{accv-2010, 	booktitle = accv, 	year = {2010}}
@proceedings{accv-2012, 	booktitle = accv, 	year = {2012}}
@proceedings{dagm-2012, booktitle = dagm-oagm, year = {2012}}
@proceedings{cvww-2013, booktitle = cvww, year = {2013}}
@proceedings{3dimpvt-2012, booktitle = {3DIMPVT},  year      = {2012}}
@proceedings{wacv-2014, booktitle = wacv, year = {2014}}
@proceedings{acpr-2013, booktitle = acpr, year = {2013}}

esgp-2005

@misc{ivc-1998,
	journal = {Image and Vision Computing},
	year = {1998}
}

@misc{cviu-2011,
	journal = {Computer Vision and Image Understanding},
	year = {2011}
}

@misc{ijrr-2011,
	journal = {International Journal of Robotics Research},
	year = {2011}
}


@misc{acm-1995,
	journal = acm,
	number = {11},
	volume = {38},
	year = {1995}
}

@misc{acm-1972,
	journal = acm,
	volume = {15},
	year = {1972}
}

@misc{accv-2010,
  journal = {Asian Conference on Computer Vision},
  year={2010},
  publisher={Springer}
}

@misc{rnews-2002,
	journal = rnews,
	volume = {2},
	year = {2002}
}

@misc{siggraph-2013, 	
	journal = siggraph,	
	year = {2013}
}


@misc{siggraph-2007, 	
	journal = siggraph,	
	year = {2007}
}

@misc{siggraphasia-2012,
	journal = siggraph,	
	year = {2012}
}

@misc{siggraph-2004, 	
	journal = siggraph,	
	year = {2004},
	volume = {23},
	number = {3},
	month = aug,
	year = {2004},
	issn = {0730-0301}
}

@misc{cgf-2012,
	journal = cgf,
	issn = {01677055},
	month = aug,
	number = {5},
	volume = {31},
	year = {2012}
}

@misc{cgf-2007,
	journal = cgf,
	number = {2},
	volume = {26},
	year = {2007},
	month = jun
}


@misc{asa-2006,
	journal = asa,
	number = {476},
	publisher = {ASA},
	volume = {101},
	year = {2006}
}

@misc{pami-1992,
	journal = pami,
	year = {1992}
}

@misc{pami-1997,
	journal = pami,
	year = {1997},
    volume = {22}
}

@misc{pami-1999,
	journal = pami,
	volume = {21},
	number = {5},
	year = {1999}
}

@misc{pami-2002,
	journal = pami,
	year = {2002},
    volume = {24}
}

@misc{pami-2005,
	journal = pami,
	issn = {0162-8828},
	month = nov,
	number = {11},
	pages = {1832--7},
	pmid = {16285381},
	volume = {27},
	year = {2005}
}

@misc{pami-2010,
	journal = pami,
	volume = {32},
	number = {2},
	month = feb,
	year = {2010},
	issn = {0162-8828},
	publisher = {IEEE Computer Society},
	address = {Washington, DC, USA}
}

@misc{pami-2011,
	journal = pami,
	year = {2011}
}

@misc{pami-2006,
	journal = pami,
	volume = {28},
	number = {10},
	year = {2006}
}

@misc{ijcv-2004,
    journal = ijcv,
    year = {2004},
    volume = {60}
}

@misc{ijcv-2005,
    journal = ijcv,
    year = {2005}
}


@misc{ijcv-2000,
    journal = ijcv,
    year = {2000}
}

@misc{ijcv-2007,
    journal = ijcv,
    year = {2007},
}
    
@misc{ijcv-2009,
	journal = ijcv,
	number = {2},
	volume = {88},
	year = {2009}
}

@misc{ijcv-2012,
 journal = ijcv,
 issue_date = {April 2012},
 volume = {97},
 number = {2},
 month = apr,
 year = {2012}
}

@misc{jmlr-2003,
	journal = jmlr,
	publisher = {MIT Press Cambridge, MA, USA},	
	volume = {3},
	issn = {15324435},
	year = {2003}
}


@misc{jfr-2006,
	journal = jfr,
	number = {10},
	volume = {23},
	year = {2006},
	month = oct,
	issn = {15564959}
}

@misc{ml-2001,
	journal = {Machine learning},
	number = {1},
	publisher = {Springer},
	volume = {45},
	year = {2001}
}



@misc{cp-2009,
	journal = cp,
	issn = {1612-4790},
	month = aug,
	number = {3},
	pmid = {19050949},
	volume = {10},
	year = {2009}
}

@proceedings{bsmsp-1967,
	booktitle = {Berkeley Symposium on Mathematical Statistics and Probability},
	volume = {233},
	year = {1967}
}

