@inproceedings{prisacariu-iccv-2011,
	title = {Shared Shape Spaces},
	author = {Prisacariu, Victor Adrian and Reid, Ian},
	crossref = {iccv-2011}
}

@inproceedings{xiao-cvpr-2014,
	title = {Shadow Removal from Single {RGB-D} Images},
	author = {Yao Xiao and Efstratios Tsougenis and Chi-Keung Tang},
	crossref = {cvpr-2014}
}

@inproceedings{ikeda-acpr-2013,
	title = {Arbitrarily Shaped Objects Relighting Using an {RGB-D} Camera},
	author = {Ikeda, Takuya and de Sorbier, Francois and Saito,  Hideo},
	crossref = {acpr-2013}
}

@inproceedings{osada-csma-2001,
	author = {Osada, Robert and Funkhouser, Thomas and Chazelle, Bernard and Dobkin, David},
	title = {Matching {3D} models with shape distributions},
	crossref = {csma-2001}
}

@inproceedings{podolak-esgp-2005,
	author = {Joshua Podolak and Szymon Rusinkiewicz},
	title = {Atomic Volumes for Mesh Completion},
	booktitle = {Symposium on Geometry Processing},
	year = {2005}
}

@article{ju-cst-2009,
	title={Fixing geometric errors on polygonal models: a survey},
	author={Ju, Tao},
	journal={Journal of Computer Science and Technology},
	year={2009}
}

@inproceedings{schnabel-eurographics-2009,
	title = {Completion and reconstruction with primitive shapes},
	author = {Schnabel, Ruwen and Degener, Patrick and Klein, Reinhard},
	booktitle = {Computer Graphics Forum},
	year = {2009}
}

@inproceedings{hedau-cvpr-2012,
	title = {Recovering Free Space of Indoor Scenes from a Single Image},
	author = {Varsha Hedau and Derek Hoiem and David Forsyth},
	crossref = {cvpr-2012}
}

@article{shen-tog-2012,
	title = {Structure Recovery by Part Assembly},
	author = {Chao-Hui Shen and Hongbo Fu and Kang Chen and Shi-Min Hu},
	crossref = {siggraphasia-2012}
}

@inproceedings{thrun-iccv-2005,
	AUTHOR = {Sebastian Thrun and Ben Wegbreit},
	TITLE = {Shape From Symmetry},
	crossref = {iccv-2005}
}

@article{law-cviu-2010,
	author = {Alvin J. Law and Daniel G. Aliaga},
	title = {Single viewpoint model completion of symmetric objects for digital inspection},
	crossref = {cviu-2011}
}

@inproceedings{choi-cvpr-2013,
	title = {Understanding Indoor Scenes using {3D} Geometric Phrases},
	author = {Wongun Choi and Yu-Wei Chao and Caroline Pantofaru and Silvio Savarese},
	crossref = {cvpr-2013}
}

@inproceedings{lee-nips-2010,
	title = {Estimating Spatial Layout of Rooms using Volumetric Reasoning about Objects and Surfaces},
	author = {David C. Lee and Abhinav Gupta and Martial Hebert and Takeo Kanade},
	crossref = {nips-2010}
}

@inproceedings{zhang-iccv-2013,
	author = {Jian Zhang and Chen Kan and Alexander G. Schwing and Raquel Urtasun},
	title = {Estimating the {3D} Layout of Indoor Scenes and its Clutter from Depth Sensors},
	crossref = {iccv-2013}
}

@inproceedings{gupta-cvpr-2011,
	author = {Abhinav Gupta and Scott Satkin and Alexei A. Efros and Martial Hebert},
	title = {From {3D} Scene Geometry to Human Workspace},
	crossref = {cvpr-2011}
}

@inproceedings{bao-wacv-2014,
	title = {Understanding the {3D} Layout of a Cluttered Room From Multiple Images},
	author = {Sid Yingze Bao and Axel Furlan and Li Fei-Fei and Silvio Savarese},
	crossref = {wacv-2014}
}

@inproceedings{kim-eccv-2012,
	author = {Jaechul Kim and Kristen Grauman},
	title = {Shape Sharing for Object Segmentation},
	crossref = {eccv-2012}
}

@inproceedings{kim-iccv-2013,
	title = {{3D} Scene Understanding by Voxel-{CRF}},
	author = {Kim, Byung-soo and Pushmeet Kohli and Silvio Savarese},
	crossref = {iccv-2013}
}

@inproceedings{macaodha-eccv-2012,
	title = {Patch Based Synthesis for Single Depth Image Super-Resolution},
	author = {Mac Aodha, Oisin and Campbell, Neill D.F. and  Nair, Arun and Brostow, Gabriel J.},
 	crossref = {eccv-2012}
}

@article{nan-acm-2012,
	author = {Liangliang Nan and Ke Xie and Andrei Sharf},
	title = {A Search-Classify Approach for Cluttered Indoor Scene Understanding},
	crossref = {siggraphasia-2012}
}

@article{minkim-siggraphasia-2012,
	author = {Young Min Kim and Niloy J. Mitra and Dong-Ming Yan and Leonidas Guibas},
	title = {ACQUIRING 3{D} INDOOR ENVIRONMENTS WITH VARIABILITY AND REPETITION},
	crossref = {siggraphasia-2012}
}

@inproceedings{snow-cvpr-2000,
	title = {Exact Voxel Occupancy with Graph Cuts},
	author = {Dan Snow and Paul Viola and Ramin Zabih},
 	crossref = {cvpr-2000}
}

@inproceedings{fouhey-iccv-2013,
	title = {Data-Driven {3D} Primitives for Single Image Understanding},
	author = {David F. Fouhey and Abhinav Gupta and Martial Hebert},
	crossref = {iccv-2013}
}

@inproceedings{izadi-uist-2011,
	author = {Izadi, Shahram and Kim, David and Hilliges, Otmar and Molyneaux, David and Newcombe, Richard and Kohli, Pushmeet and Shotton, Jamie and Hodges, Steve and Freeman, Dustin and Davison, Andrew and Fitzgibbon, Andrew},
	title = {{KinectFusion}: real-time {3D} reconstruction and interaction using a moving depth camera},
	booktitle = {ACM symposium on User interface software and technology},
	year = {2011}
} 

@inproceedings{kroemer-humanoids-2012,
	title = {Point Cloud Completion Using Extrusions},
	author = {Oliver Kroemer and Heni Ben Amor and Marco Ewerton and Jan Peters},
	booktitle = {International Conference on Humanoid Robots (HUMANOIDS)},
	year = {2012}
}
 
@article{hays-siggraph-2007,
	author = {Hays, James and Efros, Alexei A.},
	title = {Scene Completion Using Millions of Photographs},
	crossref = {siggraph-2007}
} 

@article{fisher-siggraphasia-2012, 
	author = {Matthew Fisher and Daniel Ritchie and Manolis Savva and Thomas Funkhouser and Pat Hanrahan}, 
	title = {Example-based Synthesis of 3{D} Object Arrangements}, 
	crossref = {siggraphasia-2012}
}

@inproceedings{satkin-bmvc-2012,
	title={Data-Driven Scene Understanding from {3D} Models},
	author={Satkin, Scott and Lin, Jason and Hebert, Martial},
	crossref = {bmvc-2012}
}

@inproceedings{guo-iccv-2013,
	title = {Support surface prediction in indoor scenes},
	author = {Ruiqi Guo and Derek Hoiem},
	crossref = {iccv-2013}
}

@inproceedings{jetchev-icra-2010,
	title = {Trajectory Prediction in Cluttered Voxel Environments},
	author = {Nikolay Jetchev and Marc Toussaint},
	crossref = {icra-2010}
}

@techreport{toussaint-techreport-2007,
	title = {Bayesian inference for motion control and planning},
	author = {Marc Toussaint},
	year = {2007},
	institution = {Technische Universitaet Berlin}
}

@inproceedings{drost-3dimpvt-2012,
	author = {Bertram Drost and Slobodan Ilic},
	title = {3{D} Object Detection and Localization Using Multimodal Point Pair Features},
	crossref = {3dimpvt-2012}
}             

@inproceedings{hinterstoisser-accv-2012,
	author  =  {Hinterstoisser, S. and Lepetit, V. and Ilic, S. and Holzer, S. and Bradski, G. and Konolige, K. and  and Navab, N. },
	title   =  {Model Based Training, Detection and Pose Estimation of Texture-Less {3D} Objects in Heavily Cluttered Scenes},
	crossref = {accv-2012}
}

@inproceedings{cocias-cgvcv-2013,
	title = {Generic Fitted Primitives ({GFP}): Towards Full Object Volumetric Reconstruction for Service Robotics},
	author = {Tiberiu T. Cocias and Florin Moldoveanu and Sorin M. Grigorescu},
	year = {2013},
	booktitle = {Computer Graphics, Visualization and Computer Vision}
}

@inproceedings{rusu-iros-2010,
	title = {Fast {3D} Recognition and Pose using the Viewpoint Feature Histogram},
	author = {Rusu, Radu Bogdan and Bradski, Gary and Thibaux, Romain},
	crossref = {iros-2010}
}

@article{chang-tor-2007,
	title = {{P-SLAM}: Simultaneous Localization and Mapping With Environmental-Structure Prediction},
	author = {H. Jacky Chang and C. S. George Lee and Yung-Hsiang Lu and Y. Charlie Hu},
	journal = {Transactions on Robotics}
}

@inproceedings{plagemann-iros-2008,
	author = {Christian Plagemann and Sebastian Mischke and Sam Prentice and Kristian Kersting and Nicholas Roy and Wolfram Burgard},
	title = {Learning Predictive Terrain Models for Legged Robot Locomotion},
	crossref = {iros-2008}
}

@inproceedings{stentz-icra-1994,
	title = {Optimal and Efficient Path Planning for Partially-Known Environments},
	author = {Anthony Stentz},
	crossref = {icra-1994}
}

@inproceedings{criminisi-cvpr-2003,
	title = {Object Removal by Exemplar-Based Inpainting},
	author = {A. Criminisi and P. Perez and K. Toyama},
	crossref = {cvpr-2003}
}